<collection xmlns="http://www.loc.gov/MARC21/slim"><record><leader>00710nam  2200229   450</leader><controlfield tag="001">864</controlfield><controlfield tag="003">http://montalegre.opacnet.com/OPAC/default.aspx?ContentAreaControl=ShowRegHoldings.ascx&amp;RegNo=16662</controlfield><controlfield tag="005">20</controlfield><datafield tag="100" ind1=" " ind2=" "><subfield code="a">20061013d1982----k  y0pory0103    ba</subfield></datafield><datafield tag="101" ind1="0" ind2=" "><subfield code="a">por</subfield></datafield><datafield tag="102" ind1=" " ind2=" "><subfield code="a">PT</subfield></datafield><datafield tag="200" ind1="1" ind2=" "><subfield code="a">&lt;O &gt;iate afundado</subfield><subfield code="f">Maria Alice Andrade Santos</subfield><subfield code="g">il. Júlio Gil</subfield></datafield><datafield tag="205" ind1=" " ind2=" "><subfield code="a">2ª ed</subfield></datafield><datafield tag="210" ind1=" " ind2=" "><subfield code="a">Lisboa</subfield><subfield code="c">Sampedro</subfield><subfield code="d">1982</subfield><subfield code="d">1987</subfield></datafield><datafield tag="215" ind1=" " ind2=" "><subfield code="a">120 p.</subfield><subfield code="c">il.</subfield><subfield code="d">21 cm</subfield></datafield><datafield tag="225" ind1="0" ind2=" "><subfield code="a">Golfinho</subfield><subfield code="v">2</subfield></datafield><datafield tag="606" ind1=" " ind2=" "><subfield code="a">Literatura juvenil</subfield></datafield><datafield tag="675" ind1=" " ind2=" "><subfield code="a">821.134.3</subfield></datafield><datafield tag="700" ind1=" " ind2="1"><subfield code="a">Santos</subfield><subfield code="b">Maria Alice Andrade</subfield></datafield><datafield tag="702" ind1=" " ind2="1"><subfield code="a">Gil</subfield><subfield code="b">Júlio</subfield><subfield code="4">440</subfield></datafield><datafield tag="801" ind1=" " ind2="0"><subfield code="a">PT</subfield><subfield code="b">Biblioteca Municipal de Montalegre</subfield><subfield code="g">RPC</subfield></datafield><datafield tag="856" ind1=" " ind2=" "><subfield code="u">locateMedia.asp?cod=20060627113444&amp;ext=jpg</subfield><subfield code="z">CAPA</subfield></datafield><datafield tag="909" ind1="&#9;" ind2=" "><subfield code="a">1</subfield></datafield><datafield tag="966" ind1=" " ind2=" "><subfield code="a">0000975</subfield><subfield code="l">BMM</subfield><subfield code="s">SJ 821.134.3 SAN iat 2</subfield></datafield></record></collection>